@article{sample1,
 author               = {Name Author and Name Author},
 issue                = {Issuse number},
 journal              = {Journal title},
 pages                = {Pagestart--pageend},
 title                = {Article title},
 volume               = {Volume number},
 year                 = {1986},
 }

@article{sample2,
 Author               = {Name Author and Name Author and Name Author and Name Author},
 journal              = {Journal title},
 pages                = {Pagestart--pageend},
 title                = {Article title},
 volume               = {Volume number},
 year                 = {1987},
 }

@book{sample3,
 Author               = {Name Author},
 publisher            = {Publisher Name},
 title                = {Book Title},
 year                 = {1988},
 }

@book{sample4,
 Author               = {Name Author and Name Author and Name Author},
 note                 = {Note},
 edition              = {Edition},
 publisher            = {Publisher Name},
 title                = {Book Title},
 year                 = {1990},
 }

@inproceedings{sample5,
 Author               = {Name Author},
 booktitle            = {Book Title},
 editor               = {Name Editor and Name Editor},
 pages                = {Pagestart--Pageend},
 publisher            = {Publisher Name},
 title                = {Title},
 year                 = {1992},
 }

@unpublished{sample6,
 Author               = {Name Author and Name Author and Name Author and Name Author},
 note                 = {Working Paper, University of Name},
 title                = {Title},
 year                 = {1994},
 }

@unpublished{sample7,
 Author               = {Name Author},
 month                = {Month},
 note                 = {Working paper, School},
 title                = {Title},
 year                 = {2021},
 }
 

